@book{DomainDrivenDesign,
title = {Domain-driven design : tackling complexity in the heart of software},
author = {Evans, Eric},
address = {Boston},
publisher = {Addison-Wesley},
year = {2004},
edition = {1. print.},
isbn = {9780321125217; 0321125215},
size = {XXX, 529 S. : Ill., graph. Darst. ; 25 cm},
keywords = { ; Development ; Software Engineering},
bestand = {Universitätsbibliothek Freiburg <25> [Signatur: NA 2016/37];
Universität des Saarlandes, FR 6.2 Informatik <291/407>;
Karlsruher Institut für Technologie (KIT) - KIT-Bibliothek <90> [Signatur: 2004 A 29054];
Universitätsbibliothek Stuttgart <93>;
Hochschulbibliothek Heilbronn <840> [Signatur: 621.843 EVA];
Hochschule Aalen <944> [Signatur: 431 Eva];
Max-Planck-Institut für Physik komplexer Systeme <D 206> [Signatur: ST 230 EVA];
},
URL = {},
}

@book{CleanArchitecture,
title = {Clean Architecture : a craftsmans guide to software structure and design},
series = {Robert C. Martin series},
author = {Martin, Robert C. [VerfasserIn]},
address = {Boston},
publisher = {Prentice Hall},
year = {[2018]},
isbn = {0134494164; 9780134494166},
size = {xxv, 404 Seiten : Illustrationen, Diagramme ; 178 x 235 x 22},
keywords = {Softwarearchitektur ; Softwarearchitektur},
note = {"With contributions by James Grenning and Simon Brown ; foreword by Kevlin Henney ; afterword by Jason Gorman"},
bestand = { Universität Freiburg, Bibliothek der Technischen Fakultät <25/91> [Signatur: Frei 91: HB/C.2/81];
Hochschule für Technik und Wirtschaft des Saarlandes <Sa 16> [Signatur: ST 230 Mar [5]];
Sächsische Landesbibliothek - Staats- und Universitätsbibliothek <14>;
Universitätsbibliothek Leipzig <15>;
Karlsruher Institut für Technologie (KIT) - KIT-Bibliothek <90> [Signatur: 2017 A 7210];
KIT, Campus Süd, Bibliothek der Fakultät für Informatik <90/148> [Signatur: 2018 16];
Universitätsbibliothek Stuttgart <93>;
Badische Landesbibliothek <31>;
Technische Universität Chemnitz <Ch 1>;
Hochschulbibliothek Karlsruhe <751>;
Hochschule Zittau/Görlitz - Hochschulbibliothek <Zi 4>;
Hochschulbibliothek Heilbronn <840> [Signatur: ST 230 M379 (2018)];
Hochschule für Technik und Wirtschaft <520> [Signatur: ST 230-19 0899];
Bibl.sigel ;
Duale Hochschule Baden-Württemberg Mosbach <941> [Signatur: ST 230 117];
Max-Planck-Institut für Informatik <Sa 18>;
Zentrum für Wissensmanagement, Bibliothek Lippstadt <1926> [Signatur: ST 230];
},
URL = {http://www.gbv.de/dms/tib-ub-hannover/877433658.pdf ; http://vub.de/cover/data/isbn:9780134494166/medium/true/de/vub/cover.jpg ; http://vub.de/cover/data/isbn%3A9780134494166/medium/true/de/vub/cover.jpg},
}

@INPROCEEDINGS{AndroidGuidelines,
author={R. {Verdecchia} and I. {Malavolta} and P. {Lago}},
booktitle={2019 IEEE International Conference on Software Architecture (ICSA)},
title={Guidelines for Architecting Android Apps: A Mixed-Method Empirical Study},
year={2019},
volume={},
number={},
pages={141-150},
abstract={For surviving in the highly competitive market of Android apps, it is fundamental for app developers to deliver apps of high quality and with short release times. A well-architected Android app is beneficial for developers, e.g. in terms of maintainability, testability, performance, and avoidance of resource leaks. However, how to properly architect Android apps is still debated and subject to conflicting opinions usually influenced by technological hypes rather than objective evidence. In this paper we present an empirical study on how developers architect Android apps, what architectural patterns and practices Android apps are based on, and their potential impact on quality. We apply a mixed-method empirical research design that combines (i) semi-structured interviews with Android practitioners in the field and (ii) a systematic analysis of both the grey (i.e., websites, Online blogs) and white literature (i.e., academic studies) on the architecture of Android apps. Based on the analysis of the state of the art and practice about architecting Android apps, we systematically extract a set of 42 evidence-based guidelines supporting developers when architecting their Android apps.},
keywords={Android (operating system);mobile computing;software architecture;software quality;Web sites;app developers;architectural patterns;mixed-method empirical research design;Android practitioners;Android app architecture;Smart phones;Guidelines;Interviews;Data mining;Computer architecture;Google;Bibliographies},
doi={10.1109/ICSA.2019.00023},
ISSN={null},
month={March},}


@misc{AndroidArchitectureComponents,
  title = {{Android Architecture Components}, Android Developer Documentation},
  howpublished = {\url{https://developer.android.com/topic/libraries/architecture}},
  note = {Accessed: 2019-12-22}
}


@misc{SpringCoreTechnologies,
  title = {{Spring Core Technologies}, Spring Documentation},
  howpublished = {\url{https://docs.spring.io/spring/docs/current/spring-framework-reference/core.html}},
  note = {Accessed: 2019-12-22}
}
